@book{barron.2004.10.1017/CBO9780511535468,
  title = {Molecular {{Light Scattering}} and {{Optical Activity}}},
  author = {Barron, Laurence D.},
  year = {2004},
  month = sep,
  edition = {2},
  publisher = {Cambridge University Press},
  doi = {10.1017/CBO9780511535468},
  isbn = {978-0-521-81341-9 978-0-511-53546-8 978-0-521-12137-8}
}
